<?xml version="1.0" encoding="UTF-8"?>
<collection xmlns:xsi="http://www.w3.org/2001/XMLSchema-instance" xsi:schemaLocation="http://www.loc.gov/MARC21/slim http://www.loc.gov/standards/marcxml/schema/MARC21slim.xsd" xmlns="http://www.loc.gov/MARC21/slim">
<record>
  <leader>00618cam a2200193 u 4500</leader>
  <controlfield tag="001">645370</controlfield>
  <controlfield tag="003">NNC</controlfield>
  <controlfield tag="005">20100307232352.0</controlfield>
  <controlfield tag="008">880429q18791880ua ||||||||| |||||||ara |</controlfield>
  <datafield tag="035" ind1=" " ind2=" ">
    <subfield code="a">(OCoLC)60601268</subfield>
  </datafield>
  <datafield tag="035" ind1=" " ind2=" ">
    <subfield code="a">(OCoLC)ocm60601268</subfield>
  </datafield>
  <datafield tag="035" ind1=" " ind2=" ">
    <subfield code="a">(CStRLIN)NYCG88-B31028</subfield>
  </datafield>
  <datafield tag="035" ind1=" " ind2=" ">
    <subfield code="9">ACV2334CU</subfield>
  </datafield>
  <datafield tag="035" ind1=" " ind2=" ">
    <subfield code="a">(NNC)645370</subfield>
  </datafield>
  <datafield tag="100" ind1="0" ind2=" ">
    <subfield code="a">ʻAli Mubarak, Basha,</subfield>
    <subfield code="d">1823 or 4-1893.</subfield>
  </datafield>
  <datafield tag="240" ind1="1" ind2="0">
    <subfield code="a">Nukhbat al-fikr fi tadbir Nil Misr.</subfield>
  </datafield>
  <datafield tag="245" ind1="1" ind2="0">
    <subfield code="a">Kitab nukhbat al-fikr fi tadbir Nil Misr.</subfield>
  </datafield>
  <datafield tag="260" ind1=" " ind2=" ">
    <subfield code="a">al-Qahirah al-Mahrusah :</subfield>
    <subfield code="b">Matbaʻat Wadi al-Nil al-ʻArabiyah wa-al-Ifranjiyah,</subfield>
    <subfield code="c">1297h [i.e. 1879 or 1880]</subfield>
  </datafield>
  <datafield tag="300" ind1=" " ind2=" ">
    <subfield code="a">295 p.</subfield>
  </datafield>
  <datafield tag="955" ind1=" " ind2=" ">
    <subfield code="b">CU59575077</subfield>
    <subfield code="d">off,glx</subfield>
    <subfield code="e">ME06446</subfield>
  </datafield>
</record>
</collection>